@article{creating-void-descriptions,
author = {Christoph Böhm and Johannes Lorey and Felix Naumann},
url = {https://www.sciencedirect.com/science/article/pii/S1570826811000370},
title = {Creating voiD descriptions for Web-scale data},
year = {2011},
doi = {https://doi.org/10.1016/j.websem.2011.06.001}
}

@article{the-mapreduce-paradigm,
  author          = {IBM},
  title           = {The MapReduce paradigm},
  url             = {https://www.ibm.com/docs/en/netezza?topic=guide-mapreduce-paradigm},
  urldate         = {2023-03-18}
}

@InProceedings{aether-tool,
author={Mäkelä, Eetu},
title={Aether -- Generating and Viewing Extended VoID Statistical Descriptions of RDF Datasets},
booktitle={The Semantic Web: ESWC 2014 Satellite Events},
year={2014},
publisher={Springer International Publishing},
isbn={978-3-319-11955-7}
}