@book{documentation-void,
  author    = {CureÃÅ, Olivier},
  publisher = {W3C},
  title     = {Describing Linked Datasets with the VoID Vocabulary},
  year      = {2011}
}

@book{the-web-of-data,
  author    = {Hogan, Aidan},
  address   = {Cham, Switzerland},
  edition   = {1st ed. 2020.},
  isbn      = {3-030-51580-X},
  keywords  = {Semantic Web},
  publisher = {Springer},
  title     = {The web of data},
  year      = {2020}
}

@inproceedings{zneika2016rdf,
  title        = {Rdf graph summarization based on approximate patterns},
  author       = {Zneika, Mussab and Lucchese, Claudio and Vodislav, Dan and Kotzinos, Dimitris},
  booktitle    = {Information Search, Integration, and Personalization: 10th International Workshop, ISIP 2015, Grand Forks, ND, USA, October 1-2, 2015, Revised Selected Papers 10},
  pages        = {69--87},
  year         = {2016},
  organization = {Springer}
}
